@article{biswas2020coinpress,
  title   = {Coinpress: Practical private mean and covariance estimation},
  author  = {Biswas, Sourav and Dong, Yihe and Kamath, Gautam and Ullman, Jonathan},
  journal = {Advances in Neural Information Processing Systems},
  volume  = {33},
  pages   = {14475--14485},
  year    = {2020}
}

@article{dpbasic,
  title={The algorithmic foundations of differential privacy},
  author={Dwork, Cynthia and Roth, Aaron and others},
  journal={Foundations and Trends{\textregistered} in Theoretical Computer Science},
  volume={9},
  number={3--4},
  pages={211--407},
  year={2014},
  publisher={Now Publishers, Inc.}
}

@article{dwork2016,
  title={Calibrating noise to sensitivity in private data analysis},
  author={Dwork, Cynthia and McSherry, Frank and Nissim, Kobbi and Smith, Adam},
  journal={Journal of Privacy and Confidentiality},
  volume={7},
  number={3},
  pages={17--51},
  year={2016}
}

@article{Lebeda2022,
  title={Private Vector Aggregation when Coordinates have Different Sensitivity},
  author={Pagh, Rasmus and Lebeda, Christian},
  year={2022}
}

@article{Huang2021,
  doi = {10.48550/ARXIV.2106.00463},
  url = {https://arxiv.org/abs/2106.00463},
  author = {Huang, Ziyue and Liang, Yuting and Yi, Ke},
  keywords = {Cryptography and Security (cs.CR), Data Structures and Algorithms (cs.DS), Methodology (stat.ME), FOS: Computer and information sciences, FOS: Computer and information sciences},
  title = {Instance-optimal Mean Estimation Under Differential Privacy},
  publisher = {arXiv},
  year = {2021},
  copyright = {arXiv.org perpetual, non-exclusive license}
}

@article{coinpress,
  title={Coinpress: Practical private mean and covariance estimation},
  author={Biswas, Sourav and Dong, Yihe and Kamath, Gautam and Ullman, Jonathan},
  journal={Advances in Neural Information Processing Systems},
  volume={33},
  pages={14475--14485},
  year={2020}
}
